
@article{feingold_tradition_1991,
	title = {Tradition versus {Novelty}: {Universities} and {Scientific} {Societies} in the {Early} {Modern} {Period}},
	shorttitle = {Tradition versus {Novelty}},
	journal = {Revolution and Continuity: Essays in the History and Philosophy of Early Modern Science},
	author = {Feingold, Mordechai},
	year = {1991},
	pages = {45--62}
}